@article{Arnolds2018,
    author = {Ines Verena Arnolds and Daniel Gartner},
    doi = {10.1007/s10479-017-2485-4},
    journal = {Annals of Operations Research},
    pages = {453--477},
    title = {Improving hospital layout planning through clinical pathway
mining},
    volume = {263},
    year = {2018}
}

@misc{Asanjarani2017,
    author = {Asanjarani, Azam and Nazarathy, Yoni and Pollett, Philip},
    title = {Parameter and State Estimation in Queues and Related Stochastic
Models: A Bibliography},
    url = {https://people.smp.uq.edu.au/PhilipPollett/papers/Qest/QEstAnnBib.pdf},
    year = {2017 (accessed \today)}
}

@article{Bhattacharjee2014,
    author = {Papiya Bhattacharjee and Pradip Kumar Ray},
    doi = {10.1016/j.cie.2014.04.016},
    journal = {Computers \& Industrial Engineering},
    pages = {299--312},
    title = {Patient flow modelling and performance analysis of healthcare
delivery processes in hospitals: A review and reflections},
    volume = {78},
    year = {2014}
}

@article{Brailsford2013,
    author = {Brailsford, Sally C and Bolt, Timothy B and Bucci, Giovanni and
Chaussalet, T M and Connell, N A and Harper, Paul R and Klein,
Jonathan H and Pitt, Martin and Taylor, M},
    journal = {Journal of the Operational Research Society},
    number = {2},
    pages = {157--168},
    title = {Overcoming the barriers: A qualitative study of simulation adoption
in the {NHS}},
    volume = {64},
    year = {2013}
}

@article{Collins2018,
    author = {Peter F Collins and Rebecca J Stratton and Ramesh J
Kurukulaaratchy and Marinos Elia},
    doi = {10.2147/COPD.S157594},
    journal = {International Journal of Chronic Obstructive Pulmonary Disease},
    pages = {1289--1296},
    title = {Influence of deprivation on health care use, health care costs, and
mortality in {COPD}},
    volume = {13},
    year = {2018}
}

@article{Curley2017,
    author = {Cali Curley and Rachel M. Krause and Richard Feiock and
Christopher V. Hawkins},
    doi = {10.1177/1078087417726394},
    journal = {Urban Affairs Review},
    number = {2},
    pages = {591--615},
    title = {Dealing with Missing Data: A Comparative Exploration of Approaches
Using the Integrated City Sustainability Database},
    volume = {55},
    year = {2017}
}

@article{Delias2015,
    author = {Pavlos Delias and Michael Doumpos and Evangelos Grigoroudis and
Panagiotis Manolitzas and Nikolaos Matsatsinis},
    doi = {10.1016/j.knosys.2015.04.012},
    journal = {Knowledge-Based Systems},
    pages = {203--213},
    title = {Supporting healthcare management decisions via robust clustering of
event logs},
    volume = {84},
    year = {2015}
}

@article{Divo2012,
    author = {Divo, Miguel and Cote, Claudia and de Torres, Juan P. and
Casanova, Ciro and Marin, Jose M. and Pinto-Plata, Victor and
Zulueta, Javier and Cabrera, Carlos and Zagaceta, Jorge and
Hunninghake, Gary and Celli, Bartolome},
    doi = {10.1164/rccm.201201-0034OC},
    journal = {American Journal of Respiratory and Critical Care Medicine},
    number = {2},
    pages = {155--161},
    title = {Comorbidities and Risk of Mortality in Patients with Chronic
Obstructive Pulmonary Disease},
    volume = {186},
    year = {2012}
}

@article{Djabali2018,
    author = {Djabali, Yasmina and Rabta, Boualem and Aissani, Djamil},
    doi = {10.1504/IJMOR.2018.10005095},
    journal = {International Journal of Mathematics in Operational Research},
    pages = {507--531},
    title = {Approximating Service-time Distributions by Phase-type
Distributions in Single-server Queues: A Strong Stability
Approach},
    volume = {12},
    year = {2018}
}

@article{Erlang1917,
    author = {Erlang, Agner Krarup},
    journal = {Post Office Electrical Engineer's Journal},
    pages = {189--197},
    title = {Solution of some problems in the theory of probabilities of
significance in automatic telephone exchanges},
    volume = {10},
    year = {1917}
}

@article{Erlang1920,
    author = {Erlang, Agner Krarup},
    journal = {Matematisk Tidsskrift, B},
    pages = {25},
    title = {Telephone waiting times},
    volume = {31},
    year = {1920}
}

@book{Everitt2011,
    author = {Everitt, Brian S and Landau, Sabine and Leese, Morven and Stahl,
Daniel},
    publisher = {John Wiley \& Sons},
    title = {Cluster analysis},
    year = {2011}
}

@article{Fitzpatrick2019,
    author = {B G Fitzpatrick},
    doi = {10.1007/s11538-018-0496-1},
    journal = {Bulletin of Mathematical Biology},
    pages = {1--6},
    title = {Issues in Reproducible Simulation Research},
    volume = {81},
    year = {2019}
}

@article{Goldenshluger2016,
    author = {Alexander Goldenshluger},
    doi = {10.1017/apr.2016.67},
    journal = {Advances in Applied Probability},
    number = {4},
    pages = {1117--1138},
    title = {Nonparametric estimation of the service time distribution in the
{M/G/$\infty$} queue},
    volume = {48},
    year = {2016}
}

@book{Hagenaars2002,
    author = {Jacques A. Hagenaars},
    doi = {10.1017/CBO9780511499531},
    publisher = {Cambridge University Press},
    title = {Applied Latent Class Analysis},
    year = {2002}
}

@article{Harper2006,
    author = {Harper, Paul R. and Winslett, David},
    doi = {10.1016/j.ejor.2004.05.014},
    journal = {European Journal of Operational Research},
    pages = {146--156},
    title = {Classification trees: A possible method for maternity risk
grouping},
    volume = {169},
    year = {2006}
}

@article{Houben2019,
    author = {Sarah Houben-Wilke and Filip J. J. Triest and Frits M.E.  Franssen
and Daisy J.A. Janssen and Emiel F.M.  Wouters and Lowie E.G.W.
Vanfleteren},
    doi = {10.15326/jcopdf.6.2.2018.0145},
    journal = {Chronic Obstructive Pulmonary Diseases: Journal of the COPD
Foundation},
    number = {2},
    pages = {166--177},
    title = {Revealing Methodological Challenges in Chronic Obstructive
Pulmonary Disease Studies Assessing Comorbidities: A Narrative
Review},
    volume = {6},
    year = {2019}
}

@article{Huang1998,
    author = {Huang, Zhexue},
    doi = {10.1023/A:1009769707641},
    journal = {Data Mining and Knowledge Discovery},
    number = {3},
    pages = {283--304},
    title = {Extensions to the $k$-means algorithm for clustering large data
sets with categorical values},
    volume = {2},
    year = {1998}
}

@article{Ivie2018,
    author = {Ivie, Peter and Thain, Douglas},
    doi = {10.1145/3186266},
    journal = {ACM Computing Surveys},
    number = {3},
    title = {Reproducibility in Scientific Computing},
    volume = {51},
    year = {2018}
}

@article{Komashie2015,
    author = {Alexander Komashie and Ali Mousavi and P John Clarkson and Terry
Young},
    doi = {10.1109/JTEHM.2015.2400436},
    journal = {IEEE Journal of Translational Engineering in Health and
Medicine},
    pages = {1--10},
    title = {An Integrated Model of Patient and Staff Satisfaction Using Queuing
Theory},
    volume = {3},
    year = {2015}
}

@article{Kullback1951,
    author = {Kullback, S. and Leibler, R. A.},
    doi = {10.1214/aoms/1177729694},
    journal = {Annals of Mathematical Statistics},
    number = {1},
    pages = {79--86},
    title = {On Information and Sufficiency},
    volume = {22},
    year = {1951}
}

@article{Kuwornu2014,
    author = {J P Kuwornu and L M Lix and S Shooshtari},
    doi = {},
    journal = {Chronic Diseases and Injuries in Canada},
    number = {4},
    pages = {218--225},
    title = {Multimorbidity Disease Clusters in {Aboriginal} and
{non-Aboriginal} {Caucasian} Populations in {Canada}},
    volume = {34},
    year = {2014}
}

@article{Larsen2017,
    author = {Finn Breinholt Larsen and Marie Hauge Pedersen and Karina Friis
and Charlotte Gl\"{u}mer and Mathias Lasgaard},
    doi = {10.1371/journal.pone.0169426},
    journal = {PLoS One},
    number = {1},
    title = {A Latent Class Analysis of Multimorbidity and the Relationship to
Socio-Demographic Factors and Health-Related Quality of Life. A
National Population-Based Study of 162,283 {Danish} Adults},
    volume = {12},
    year = {2017}
}

@book{Lazarsfeld1968,
    author = {Lazarsfeld, Paul Felix and Henry, Neil W},
    publisher = {Houghton Mifflin Co.},
    title = {Latent structure analysis},
    year = {1968}
}

@article{McClain1976,
    author = {John O. McClain},
    journal = {Inquiry},
    number = {2},
    pages = {167--176},
    title = {Bed Planning Using Queuing Theory Models of Hospital Occupancy: A
Sensitivity Analysis},
    volume = {13},
    year = {1976}
}

@article{Mohammadi2012,
    author = {A. Mohammadi and M. R. Salehi-Rad},
    doi = {10.1080/03610918.2011.588358},
    journal = {Communications in Statistics - Simulation and Computation},
    number = {3},
    pages = {419--435},
    title = {Bayesian Inference and Prediction in an {$M/G/1$} with Optional
Second Service},
    volume = {41},
    year = {2012}
}

@article{Newman2014,
    author = {Daniel A. Newman},
    doi = {10.1177/1094428114548590},
    journal = {Organizational Research Methods},
    number = {4},
    pages = {372--411},
    title = {Missing Data: Five Practical Guidelines},
    volume = {17},
    year = {2014}
}

@misc{NHS2020,
    author = {{NHS Data Model and Dictionary}},
    title = {{NHS Business Definitions: Hospital Provider Spell}},
    url = {https://www.datadictionary.nhs.uk/data_dictionary/nhs_business_definitions/h/hospital_provider_spell_de.asp},
    year = {2020 (accessed \today)}
}

@article{Olafsson2008,
    author = {Sigurdur Olafsson and Xiaonan Li and Shuning Wu},
    doi = {https://doi.org/10.1016/j.ejor.2006.09.023},
    journal = {European Journal of Operational Research},
    number = {3},
    pages = {1429--1448},
    title = {Operations research and data mining},
    volume = {87},
    year = {2008}
}

@article{Palmer2019,
    author = {Geraint I. Palmer and Vincent A. Knight and Paul R. Harper and
Asyl L. Hawa},
    doi = {10.1080/17477778.2018.1473909},
    journal = {Journal of Simulation},
    number = {1},
    pages = {68--82},
    title = {Ciw: An open-source discrete event simulation library},
    volume = {13},
    year = {2019}
}

@article{Palvannan2012,
    author = {R. Kannapiran Palvannan and Kiok Liang Teow},
    doi = {10.1007/s10916-010-9499-7},
    journal = {Journal of Medical Systems},
    pages = {541--547},
    title = {Queueing for Healthcare},
    volume = {36},
    year = {2012}
}

@article{Pampaka2016,
    author = {Maria Pampaka and Graeme Hutcheson and Julian Williams},
    doi = {10.1080/1743727X.2014.979146},
    journal = {International Journal of Research \& Method in Education},
    number = {1},
    pages = {19--37},
    title = {Handling missing data: analysis of a challenging data set using
multiple imputation},
    volume = {39},
    year = {2016}
}

@inproceedings{Pinto2014,
    author = {Luiz R. {Pinto} and Francisco C. C. {de Campos} and Ignez H. O.
{Perp\'{e}tuo} and Yara C. N. M. B. {Ribeiro}},
    booktitle = {Proceedings of the Winter Simulation Conference 2014},
    pages = {1281-1292},
    title = {Analysis of hospital bed capacity via queuing theory and simulation},
    year = {2014}
}

@article{Ramdas2017,
    author = {Aaditya Ramdas and Nicol\'{a}s Garc\'{i}a Trillos and Marco
Cuturi},
    doi = {10.3390/e19020047},
    journal = {Entropy},
    number = {2},
    pages = {47},
    title = {On {W}asserstein Two-Sample Testing and Related Families of
Nonparametric Tests},
    volume = {19},
    year = {2017}
}

@article{Rebuge2012,
    author = {{\'A}lvaro Rebuge and Diogo R. Ferreira},
    doi = {10.1016/j.is.2011.01.003},
    journal = {Information Systems},
    number = {2},
    pages = {99--116},
    title = {Business process analysis in healthcare environments: A methodology
based on process mining},
    volume = {37},
    year = {2012}
}

@inproceedings{Satopaa2011,
    author = {Satopaa, Ville and Albrecht, Jeannie and Irwin, David and
Raghavan, Barath},
    booktitle = {Proceedings of the 2011 31st International Conference on
Distributed Computing Systems Workshops},
    doi = {10.1109/ICDCSW.2011.20},
    pages = {166--171},
    title = {Finding a `Kneedle' in a Haystack: Detecting Knee Points in System
Behavior},
    year = {2011}
}

@article{Sexton2016,
    author = {E Sexton and D Bedford},
    doi = {10.1007/s11845-015-1359-5},
    journal = {Irish Journal of Medical Science},
    number = {2},
    pages = {453--461},
    title = {{GP} supply, deprivation and emergency admission to hospital for
{COPD} and diabetes complications in counties across {Ireland}: An
exploratory analysis},
    volume = {185},
    year = {2016}
}

@article{Simon2011,
    author = {Tzahit Simon-Tuval and Steven M Scharf and Nimrod Maimon and
Barbara J Bernhard-Scharf and Haim Reuveni and Ariel Tarasiuk},
    doi = {10.1186/1465-9921-12-7},
    journal = {Respiratory Research},
    number = {7},
    title = {Determinants of elevated healthcare utilization in patients with
{COPD}},
    volume = {12},
    year = {2011}
}

@article{Steiner2017,
    author = {Steiner, Michael C and Lowe, Derek and Beckford, Katy and Blakey,
John and Bolton, Charlotte E and Elkin, Sarah and Man, William D
-C and Roberts, C Michael and Sewell, Louise and Walker, Paul and
Singh, Sally J},
    doi = {10.1136/thoraxjnl-2016-209376},
    journal = {Thorax},
    number = {6},
    pages = {530--537},
    title = {Socioeconomic deprivation and the outcome of pulmonary
rehabilitation in {England} and {Wales}},
    volume = {72},
    year = {2017}
}

@article{Steins2013,
    author = {Steins, Krisjanis and Walther, SM},
    journal = {Anaesthesia},
    number = {11},
    pages = {1148--1155},
    title = {A generic simulation model for planning critical care resource
requirements},
    volume = {68},
    year = {2013}
}

@article{Vaserstein1969,
    author = {Vaserstein, Leonid Nisonovich},
    journal = {Problemy Pereda{\v{c}}hi Informatsii},
    number = {3},
    pages = {64--72},
    title = {Markov processes over denumerable products of spaces describing
large systems of automata},
    volume = {5},
    year = {1969}
}

@article{Vuik2016a,
    author = {Vuik, Sabine I. and Mayer, Erik K. and Darzi, Ara},
    doi = {10.1186/s12963-016-0115-z},
    journal = {Population Health Metrics},
    pages = {},
    title = {A quantitative evidence base for population health: Applying
utilization-based cluster analysis to segment a patient
population},
    volume = {14},
    year = {2016}
}

@article{Vuik2016b,
    author = {Vuik, Sabine I. and Mayer, Erik K. and Darzi, Ara},
    doi = {10.1377/hlthaff.2015.1311},
    journal = {Health Affairs},
    number = {5},
    pages = {769--775},
    title = {Patient Segmentation Analysis Offers Significant Benefits For
Integrated Care And Support},
    volume = {35},
    year = {2016}
}

@misc{Wilde2020,
    archiveprefix = {arXiv},
    author = {Henry Wilde and Vincent Knight and Jonathan Gillard},
    eprint = {2002.02701},
    primaryclass = {cs.LG},
    title = {A novel initialisation based on hospital-resident assignment for
the k-modes algorithm},
    year = {2020}
}

@misc{Wilde2020github,
    author = {Henry Wilde},
    doi = {10.5281/zenodo.3937548},
    publisher = {Zenodo},
    title = {{GitHub repository: daffidwilde/copd-paper}},
    version = {v0.0.2},
    year = {2020}
}

@misc{Wilde2020results,
    author = {Wilde, Henry and
Knight, Vincent and
Gillard, Jonathan},
    doi = {10.5281/zenodo.3924716},
    publisher = {Zenodo},
    title = {{Experiment data in support of `Recovering hospital 
service times via the Wasserstein distance for
segmentation analysis: a study in COPD patients in
the Cwm Taf region'}},
    version = {0.0.1},
    year = {2020}
}

@misc{Wilde2020synthetic,
    author = {Wilde, Henry and
Knight, Vincent and
Gillard, Jonathan},
    doi = {10.5281/zenodo.3908167},
    publisher = {Zenodo},
    title = {{Synthetic LOS and interarrival time data for COPD 
patients in the Cwm Taf region}},
    version = {0.0.1},
    year = {2020}
}

@article{Williams2015,
    author = {Williams, J. and Dumont, S. and Parry-Jones, J. and Komenda, I.
and Griffiths, J. and Knight, V.},
    doi = {10.1111/anae.12839},
    journal = {Anaesthesia},
    number = {1},
    pages = {32--40},
    title = {Mathematical modelling of patient flows to predict critical care
capacity required following the merger of two district general
hospitals into one},
    volume = {70},
    year = {2015}
}

@book{Wu2009,
    author = {Wu, Xindong and Kumar, Vipin},
    publisher = {CRC press},
    title = {The top ten algorithms in data mining},
    year = {2009}
}

@article{Yan2018,
    author = {Shi Yan and Yu Heng Kwan and Chuen Seng Tan and Julian Thumboo and
Lian Leng Low},
    doi = {10.1186/s12874-018-0584-9},
    journal = {BMC Medical Research Methodology},
    number = {121},
    title = {A systematic review of the clinical application of data-driven
population segmentation analysis},
    volume = {18},
    year = {2018}
}

@article{Yan2019,
    author = {Shi Yan and Benjamin Jun Jie Seng and Yu Heng Kwan and Chuen Seng
Tan and Joanne Hui Min Quah and Julian Thumboo and Lian Leng Low},
    doi = {10.1186/s12875-019-0939-2},
    journal = {BMC Family Practice},
    number = {54},
    title = {Identifying heterogeneous health profiles of primary care utilizers
and their differential healthcare utilization and mortality – a
retrospective cohort study},
    volume = {20},
    year = {2019}
}

@article{Yom2014,
    author = {Yom-Tov, Galit B and Mandelbaum, Avishai},
    doi = {10.1287/msom.2013.0474},
    journal = {Manufacturing \& Service Operations Management},
    number = {2},
    pages = {283--299},
    title = {{Erlang-R}: A time-varying queue with reentrant customers, in
support of healthcare staffing},
    volume = {16},
    year = {2014}
}

@article{Yoon2020,
    author = {Sungwon Yoon and Hendra Goh and Yu Heng Kwan and Julian Thumboo
and Lian Leng Low},
    doi = {10.1186/s12961-019-0519-x},
    journal = {Health Res Policy Syst.},
    number = {1},
    pages = {26},
    title = {Identifying Optimal Indicators and Purposes of Population
Segmentation Through Engagement of Key Stakeholders: A Qualitative
Study},
    volume = {18},
    year = {2020}
}

